<record><leader>00000cas a2200000 a 4500</leader><controlfield tag="001">9965758</controlfield><controlfield tag="008">830930c19839999dcuwr ne      0   a0eng c</controlfield><datafield ind1=" " ind2=" " tag="010"><subfield code="a">sn 83004644 </subfield></datafield><datafield ind1=" " ind2=" " tag="040"><subfield code="a">NSD</subfield><subfield code="b">eng</subfield><subfield code="c">NSD</subfield><subfield code="d">OCL</subfield><subfield code="d">DLC</subfield><subfield code="d">HUL</subfield><subfield code="d">NSD</subfield><subfield code="d">DLC</subfield><subfield code="d">NSD</subfield><subfield code="d">FUG</subfield><subfield code="d">MXC</subfield><subfield code="d">NVF</subfield><subfield code="d">OCLCQ</subfield><subfield code="d">OCLCF</subfield><subfield code="d">OCLCO</subfield><subfield code="d">DLC</subfield><subfield code="d">HLO</subfield></datafield><datafield ind1="0" ind2=" " tag="022"><subfield code="a">0740-5421</subfield><subfield code="l">0740-5421</subfield><subfield code="2">1</subfield></datafield><datafield ind1="1" ind2=" " tag="029"><subfield code="a">AU@</subfield><subfield code="b">000003066580</subfield></datafield><datafield ind1="1" ind2=" " tag="029"><subfield code="a">ZWZ</subfield><subfield code="b">039703967</subfield></datafield><datafield ind1=" " ind2=" " tag="032"><subfield code="a">707830</subfield><subfield code="b">USPS</subfield></datafield><datafield ind1=" " ind2=" " tag="037"><subfield code="b">The Washington Post National Weekly Edition, P.O. Box 925, Farmingdale, NY 11737</subfield><subfield code="c">$52.00</subfield></datafield><datafield ind1=" " ind2=" " tag="042"><subfield code="a">nsdp</subfield><subfield code="a">pcc</subfield></datafield><datafield ind1="0" ind2="0" tag="050"><subfield code="a">Newspaper</subfield></datafield><datafield ind1=" " ind2="4" tag="082"><subfield code="a">071.53</subfield></datafield><datafield ind1="0" ind2=" " tag="130"><subfield code="a">Washington post (National weekly ed.)</subfield></datafield><datafield ind1="0" ind2=" " tag="210"><subfield code="a">Wash. post</subfield><subfield code="b">(Natl. wkly. ed.)</subfield></datafield><datafield ind1=" " ind2="4" tag="222"><subfield code="a">The Washington post</subfield><subfield code="b">(National weekly ed.)</subfield></datafield><datafield ind1="0" ind2="4" tag="245"><subfield code="a">The Washington post.</subfield></datafield><datafield ind1="1" ind2="7" tag="246"><subfield code="a">Washington post national weekly edition</subfield></datafield><datafield ind1=" " ind2=" " tag="250"><subfield code="a">National weekly ed.</subfield></datafield><datafield ind1=" " ind2=" " tag="260"><subfield code="a">Washington, D.C. :</subfield><subfield code="b">Washington Post,</subfield><subfield code="c">1983-</subfield></datafield><datafield ind1=" " ind2=" " tag="300"><subfield code="a">v.</subfield></datafield><datafield ind1=" " ind2=" " tag="310"><subfield code="a">Weekly</subfield></datafield><datafield ind1="0" ind2=" " tag="362"><subfield code="a">Vol. 1, no. 1 (Nov. 7, 1983)-</subfield></datafield><datafield ind1=" " ind2="0" tag="651"><subfield code="a">Washington (D.C.)</subfield><subfield code="v">Newspapers.</subfield></datafield><datafield ind1=" " ind2="7" tag="651"><subfield code="a">Washington (D.C.)</subfield><subfield code="2">fast</subfield><subfield code="0">(OCoLC)fst01204505</subfield></datafield><datafield ind1=" " ind2="2" tag="650"><subfield code="a">Newspapers.</subfield></datafield><datafield ind1=" " ind2="7" tag="655"><subfield code="a">Newspapers.</subfield><subfield code="2">fast</subfield><subfield code="0">(OCoLC)fst01423814</subfield></datafield><datafield ind1="2" ind2=" " tag="710"><subfield code="a">Washington Post Historical Collection (Library of Congress)</subfield><subfield code="5">DLC</subfield></datafield><datafield ind1="0" ind2=" " tag="730"><subfield code="a">Washington post, national weekly edition. Index.</subfield></datafield><datafield ind1=" " ind2=" " tag="752"><subfield code="a">United States</subfield><subfield code="b">District of Columbia</subfield><subfield code="d">Washington.</subfield></datafield><datafield ind1="0" ind2=" " tag="775"><subfield code="t">Washington post (Washington, D.C. : 1974)</subfield><subfield code="x">0190-8286</subfield><subfield code="w">(DLC)sn 79002172</subfield><subfield code="w">(OCoLC)2269358</subfield></datafield><datafield ind1=" " ind2=" " tag="936"><subfield code="a">Nov. 7, 1983</subfield></datafield></record>